<record><leader>00000cas a22000007a 4500</leader><controlfield tag="001">12308250</controlfield><controlfield tag="008">850726d18711905mouwr ne      0    0eng d</controlfield><datafield ind1=" " ind2=" " tag="010"><subfield code="a">sn 85033894 </subfield></datafield><datafield ind1=" " ind2=" " tag="040"><subfield code="a">NPU</subfield><subfield code="b">eng</subfield><subfield code="c">NPU</subfield><subfield code="d">MQN</subfield><subfield code="d">OCLCQ</subfield></datafield><datafield ind1=" " ind2=" " tag="042"><subfield code="a">msc</subfield></datafield><datafield ind1="0" ind2=" " tag="130"><subfield code="a">Knox County democrat (Edina, Mo. : 1871)</subfield></datafield><datafield ind1="1" ind2="4" tag="245"><subfield code="a">The Knox County democrat.</subfield></datafield><datafield ind1=" " ind2=" " tag="260"><subfield code="a">Edina, Mo. :</subfield><subfield code="b">Theodore A. Coony,</subfield><subfield code="c">1871-1905.</subfield></datafield><datafield ind1=" " ind2=" " tag="300"><subfield code="a">v. ;</subfield><subfield code="c">67 cm.</subfield></datafield><datafield ind1=" " ind2=" " tag="310"><subfield code="a">Weekly</subfield></datafield><datafield ind1="0" ind2=" " tag="362"><subfield code="a">Vol. 1, no. 1 (Mar. 4, 1871)-v. 35, no. 5 (Aug. 17, 1905).</subfield></datafield><datafield ind1=" " ind2=" " tag="500"><subfield code="a">"The official paper."</subfield></datafield><datafield ind1=" " ind2=" " tag="752"><subfield code="a">United States</subfield><subfield code="b">Missouri</subfield><subfield code="c">Knox</subfield><subfield code="d">Edina.</subfield></datafield><datafield ind1="0" ind2="6" tag="780"><subfield code="t">Knox County register</subfield><subfield code="w">(DLC)sn 89067079</subfield></datafield><datafield ind1="0" ind2="0" tag="785"><subfield code="t">Edina democrat</subfield><subfield code="w">(DLC)sn 89067076</subfield></datafield></record>